% This file was created with JabRef 2.9.2.
% Encoding: Cp1252

@ARTICLE{akturk2004pulse,
  author = {Akturk, Selcuk and others},
  title = {Pulse-front tilt caused by spatial and temporal chirp},
  journal = {Opt. Express},
  year = {2004},
  volume = {12},
  pages = {4399--4410},
  number = {19},
  doi = {10.1364/OPEX.12.004399},
  publisher = {Optical Society of America},
  url = {http://dx.doi.org/10.1364/OPEX.12.004399}
}

@ARTICLE{bae1992experimental,
  author = {Bae, J and others},
  title = {{Experimental verification of the theory on the inverse Smith--Purcell
    effect at a submillimeter wavelength}},
  journal = {Appl. Phys. Lett.},
  year = {1992},
  volume = {61},
  pages = {870--872},
  number = {7},
  publisher = {AIP},
  doi = {10.1063/1.107773}
}

@ARTICLE{bakr2003adjoint,
  author = {Bakr, M H and Nikolova, N K},
  title = {{An adjoint variable method for frequency domain TLM problems with
    conducting boundaries}},
  journal = {IEEE Microw. Wirel. Compon. Lett.},
  year = {2003},
  volume = {13},
  pages = {408--410},
  number = {9},
  publisher = {IEEE},
  doi = {10.1109/LMWC.2003.811665}
}

@article{zhang1997stimulated,
  title={Stimulated dielectric wake-field accelerator},
  author={Zhang, T B and others},
  journal={Phys. Rev. E},
  volume={56},
  number={4},
  pages={4647},
  year={1997},
  publisher={APS},
  doi={10.1103/PhysRevE.56.4647}
}

@article{cowan2008three,
  title={Three-dimensional dielectric photonic crystal structures for laser-driven acceleration},
  author={Cowan, Benjamin M},
  journal={Phys. Rev. ST Accel. and Beams},
  volume={11},
  number={1},
  pages={011301},
  year={2008},
  publisher={APS},
  doi = {10.1103/PhysRevSTAB.11.011301}
}

@unpublished{ACHIP_meeting3,
title= {Status report Erlangen (Hommelhoff group)},
author = {Martin Kozak},
year = {2016},
note= {ACHIP 3rd Collaboration Meeting},
}

@ARTICLE{breuer2014dielectric,
  author = {Breuer, John and others},
  title = {Dielectric laser acceleration of electrons in the vicinity of single
    and double grating structures-theory and simulations},
  journal = {J. Phys. B: At. Mol. Opt. Phys.},
  year = {2014},
  volume = {47},
  pages = {234004},
  number = {23},
  publisher = {IOP Publishing},
  doi = {10.1088/0953-4075/47/23/234004}
}

@ARTICLE{breuer2014dielectric2,
  author = {Breuer, John and others},
  title = {{Dielectric laser acceleration of nonrelativistic electrons at a single fused silica grating structure: Experimental part}},
  journal = {Phys. Rev. ST Accel. Beams},
  year = {2014},
  volume = {17},
  pages = {021301},
  number = {2},
  doi = {10.1103/PhysRevSTAB.17.021301},
  publisher = {APS},
  url = {http://dx.doi.org/10.1103/PhysRevSTAB.17.021301}
}

@ARTICLE{chang2014silicon,
  author = {Chang, Chia-Ming and Solgaard, Olav},
  title = {Silicon buried gratings for dielectric laser electron accelerators},
  journal = {Appl. Phys. Lett.},
  year = {2014},
  volume = {104},
  pages = {184102},
  number = {18},
  publisher = {AIP},
  doi = {10.1063/1.4875957}
}

@ARTICLE{courant_1985,
  author = {Courant, E. D. and others},
  title = {High-energy inverse free-electron-laser accelerator},
  journal = {Phys. Rev. A},
  year = {1985},
  volume = {32},
  pages = {2813--2823},
  month = {Nov},
  doi = {10.1103/PhysRevA.32.2813},
  issue = {5},
  numpages = {0},
  owner = {Kent},
  publisher = {American Physical Society},
  timestamp = {2017.04.18},
  url = {http://dx.doi.org/10.1103/PhysRevA.32.2813}
}

@ARTICLE{courant1985high,
  author = {Courant, E. D. and others},
  title = {High-energy inverse free-electron laser accelerator},
  journal = {AIP Conf. Proc.},
  year = {1985},
  volume = {127},
  pages = {849--874},
  number = {1},
  booktitle = {AIP Conference Proceedings},
  doi = {10.1063/1.35181},
  organization = {AIP},
  url = {http://dx.doi.org/10.1063/1.35181}
}

@ARTICLE{dawson2008analysis,
  author = {Dawson, Jay W and others},
  title = {Analysis of the scalability of diffraction-limited fiber lasers and
    amplifiers to high average power},
  journal = {Opt. Express},
  year = {2008},
  volume = {16},
  pages = {13240--13266},
  number = {17},
  publisher = {Optical Society of America},
  doi = {10.1364/OE.16.013240}
}

@ARTICLE{england2014dielectric,
  author = {England, R Joel and others},
  title = {Dielectric laser accelerators},
  journal = {Rev. Mod. Phys.},
  year = {2014},
  volume = {86},
  pages = {1337},
  number = {4},
  doi = {10.1103/RevModPhys.86.1337},
  publisher = {APS},
  url = {http://dx.doi.org/10.1103/RevModPhys.86.1337}
}

@ARTICLE{fontana1983high,
  author = {Fontana, J R and Pantell, R H},
  title = {{A high-energy, laser accelerator for electrons using the inverse Cherenkov effect}},
  journal = {J. Appl. Phys.},
  year = {1983},
  volume = {54},
  pages = {4285--4288},
  number = {8},
  publisher = {AIP},
  doi = {10.1063/1.332684}
}

@ARTICLE{georgieva2002feasible,
  author = {Georgieva, Natalia K and others},
  title = {{Feasible adjoint sensitivity technique for EM design optimization}},
  journal = {IEEE Trans. Microw. Theory Techn.},
  year = {2002},
  volume = {50},
  pages = {2751--2758},
  number = {12},
  publisher = {IEEE},
  doi={10.1109/TMTT.2002.805131}
}

@ARTICLE{giles2000introduction,
  author = {Giles, Michael B and Pierce, Niles A},
  title = {An introduction to the adjoint approach to design},
  journal = {Flow Turbul. Combust.},
  year = {2000},
  volume = {65},
  pages = {393--415},
  number = {3-4},
  doi = {10.1023/A:1011430410075},
  publisher = {Springer},
  url = {http://dx.doi.org/10.1023/A:1011430410075}
}

@ARTICLE{hebling1996derivation,
  author = {Hebling, J},
  title = {Derivation of the pulse front tilt caused by angular dispersion},
  journal = {Opt. Quant. Electron.},
  year = {1996},
  volume = {28},
  pages = {1759--1763},
  number = {12},
  publisher = {Springer},
  doi = {10.1007/BF00698541}
}

@ARTICLE{joshi_2012,
  author = {C. Joshi},
  title = {{The Los Alamos Laser Acceleration of Particles Workshop and beginning
    of the advanced accelerator concepts field}},
  journal = {AIP Conf. Proc.},
  year = {2012},
  volume = {1507},
  pages = {61-66},
  number = {1},
  doi = {10.1063/1.4773677},
  file = {:C\:\\Users\\Kent\\Documents\\Lit Review\\old\\Joshi 2012 AIP Conf Proc - The Los Alamos Laser Acceleration of Particles Workshop and beginning of the advanced accelerator concepts field.pdf:PDF},
  owner = {Kent},
  timestamp = {2017.04.18},
  url = {http://dx.doi.org/10.1063/1.4773677}
}

@ARTICLE{kimura1995laser,
  author = {Kimura, W D and others},
  title = {{Laser acceleration of relativistic electrons using the inverse Cherenkov
    effect}},
  journal = {Phys. Rev. Lett.},
  year = {1995},
  volume = {74},
  pages = {546},
  number = {4},
  doi = {10.1103/PhysRevLett.74.546},
  publisher = {APS},
  url = {http://dx.doi.org/10.1103/PhysRevLett.74.546}
}

@ARTICLE{kozak2016dielectric,
  author = {Koz\'{a}k, M and others},
  title = {Dielectric laser acceleration of sub-relativistic electrons by few-cycle
    laser pulses},
  journal = {Nucl. Instrum. Methods Phys. Res., Sect. A},
  year = {2016},
  doi = {10.1016/j.nima.2016.12.051},
  note = {DOI: 10.1016/j.nima.2016.12.051},
  publisher = {Elsevier},
  url = {http://dx.doi.org/10.1016/j.nima.2016.12.051}
}

@ARTICLE{lalau2013adjoint,
  author = {Lalau-Keraly, Christopher M and others},
  title = {Adjoint shape optimization applied to electromagnetic design},
  journal = {Opt. Express},
  year = {2013},
  volume = {21},
  pages = {21693--21701},
  number = {18},
  publisher = {Optical Society of America},
  doi = {10.1364/OE.21.021693}
}

@ARTICLE{leedle2015dielectric,
  author = {Leedle, Kenneth J and others},
  title = {{Dielectric laser acceleration of sub-100 keV electrons with silicon
    dual-pillar grating structures}},
  journal = {Opt. Lett.},
  year = {2015},
  volume = {40},
  pages = {4344--4347},
  number = {18},
  doi = {10.1364/OL.40.004344},
  publisher = {Optical Society of America},
  url = {http://dx.doi.org/10.1364/OL.40.004344}
}

@ARTICLE{mcneur2016elements,
  author = {McNeur, Joshua and others},
  title = {Elements of a dielectric laser accelerator},
  journal = {arXiv preprint arXiv:1604.07684},
  year = {2016}
}

@ARTICLE{mizuno1987experimental,
  author = {Mizuno, K and others},
  title = {{Experimental evidence of the inverse Smith--Purcell effect}},
  journal = {Nature},
  year = {1987},
  volume = {328},
  pages = {45--47},
  number = {6125},
  doi = {10.1038/328045a0},
  publisher = {Nature Publishing Group},
  url = {http://dx.doi.org/10.1038/328045a0}
}

@ARTICLE{musumeci2005high,
  author = {Musumeci, P and others},
  title = {High energy gain of trapped electrons in a tapered, diffraction-dominated
    inverse-free-electron laser},
  journal = {Phys. Rev. Lett.},
  year = {2005},
  volume = {94},
  pages = {154801},
  number = {15},
  publisher = {APS},
  doi = {10.1103/PhysRevLett.94.154801}
}

@ARTICLE{nocedal1980updating,
  author = {Nocedal, Jorge},
  title = {{Updating quasi-Newton matrices with limited storage}},
  journal = {Math. Comput.},
  year = {1980},
  volume = {35},
  pages = {773--782},
  number = {151},
  doi = {10.2307/2006193},
  url = {http://dx.doi.org/10.2307/2006193}
}

@ARTICLE{palmer_1995,
  author = {Palmer, R. B.},
  title = {Acceleration theorems},
  journal = {AIP Conf. Proc.},
  year = {1995},
  volume = {335},
  pages = {90-100},
  number = {1},
  doi = {10.1063/1.48253},
  file = {:C\:\\Users\\Kent\\Documents\\Lit Review\\dielectric accelerator\\Palmer 1995 AIP Conf Proc - Acceleration theorems.pdf:PDF},
  owner = {Kent},
  timestamp = {2016.04.27},
  url = {http://dx.doi.org/10.1063/1.48253}
}

@ARTICLE{peralta2013demonstration,
  author = {Peralta, E. A. and others},
  title = {Demonstration of electron acceleration in a laser-driven dielectric
    microstructure},
  journal = {Nature},
  year = {2013},
  volume = {503},
  pages = {91--94},
  number = {7474},
  doi = {10.1038/nature12664},
  publisher = {Nature Publishing Group},
  url = {http://dx.doi.org/10.1038/nature12664}
}

@ARTICLE{piggott2015inverse,
  author = {Piggott, Alexander Y and others},
  title = {Inverse design and demonstration of a compact and broadband on-chip
    wavelength demultiplexer},
  journal = {Nat. Photonics},
  year = {2015},
  volume = {9},
  pages = {374--377},
  number = {6},
  publisher = {Nature Research},
  doi = {10.1038/nphoton.2015.69}
}

@ARTICLE{plessix2006review,
  author = {Plessix, R-E},
  title = {A review of the adjoint-state method for computing the gradient of
    a functional with geophysical applications},
  journal = {Geophys. J. Int.},
  year = {2006},
  volume = {167},
  pages = {495--503},
  number = {2},
  doi = {10.1111/j.1365-246X.2006.02978.x},
  publisher = {Oxford University Press},
  url = {http://dx.doi.org/10.1111/j.1365-246X.2006.02978.x}
}

@ARTICLE{plettner2008microstructure,
  author = {Plettner, T and Byer, RL},
  title = {Microstructure-based laser-driven free-electron laser},
  journal = {Nucl. Instrum. Methods Phys. Res., Sect. A},
  year = {2008},
  volume = {593},
  pages = {63--66},
  number = {1},
  doi = {10.1016/j.nima.2008.04.063},
  publisher = {Elsevier},
  url = {http://dx.doi.org/10.1016/j.nima.2008.04.063}
}

@ARTICLE{plettner2006proposed,
  author = {Plettner, T and others},
  title = {Proposed few-optical cycle laser-driven particle accelerator structure},
  journal = {Phys. Rev. ST Accel. Beams},
  year = {2006},
  volume = {9},
  pages = {111301},
  number = {11},
  doi = {10.1103/PhysRevSTAB.9.111301},
  publisher = {APS},
  url = {http://dx.doi.org/10.1103/PhysRevSTAB.9.111301}
}

@PHDTHESIS{shin2013d,
  author = {Shin, Wonseok},
  title = {{3D Finite-Difference Frequency-Domain Method for Plasmonics and
    Nanophotonics}},
  school = {Stanford University},
  year = {2013}
}

@ARTICLE{shin2012choice,
  author = {Shin, Wonseok and Fan, Shanhui},
  title = {{Choice of the perfectly matched layer boundary condition for frequency-domain
    Maxwell's equations solvers}},
  journal = {J. Comput. Phys.},
  year = {2012},
  volume = {231},
  pages = {3406--3431},
  number = {8},
  doi = {10.1016/j.jcp.2012.01.013},
  publisher = {Elsevier},
  url = {http://dx.doi.org/10.1016/j.jcp.2012.01.013}
}

@ARTICLE{soong2012laser,
  author = {Soong, Ken and others},
  title = {Laser damage threshold measurements of optical materials for direct
    laser accelerators},
  journal = {AIP Conf. Proc.},
  year = {2012},
  volume = {1507},
  pages = {511--515},
  number = {1},
  booktitle = {ADVANCED ACCELERATOR CONCEPTS: 15th Advanced Accelerator Concepts
    Workshop},
  doi = {10.1063/1.4773749},
  organization = {AIP Publishing},
  url = {http://dx.doi.org/10.1063/1.4773749}
}

@BOOK{taflove2000computational,
  title = {{Computational Electrodynamics: The Finite-Difference Time-Domain
    Method}},
  publisher = {Artech House Publishers},
  year = {2000},
  author = {Taflove, Allen and Hagness, Susan C},
  address = {Norwood, MA},
  edition = {2nd}
}

@book{avriel2003nonlinear,
  title={Nonlinear programming: analysis and methods},
  author={Avriel, Mordecai},
  year={2003},
  publisher={Courier Corporation}
}


