@article{atieh1999measuring,
  title={Measuring the Raman time constant (TR) for soliton pulses in standard single-mode fiber},
  author={Atieh, AK and Myslinski, P and Chrostowski, J and Galko, P},
  journal={Journal of lightwave technology},
  volume={17},
  number={2},
  pages={216--221},
  year={1999},
  publisher={IEEE}
}

@article{poot2014broadband,
  title={Broadband nanoelectromechanical phase shifting of light on a chip},
  author={Poot, Menno and Tang, Hong X},
  journal={Appl. Phys. Lett.},
  volume={104},
  number={6},
  pages={061101},
  year={2014},
  publisher={AIP}
}

@phdthesis{soong2014particle,
  title={Particle accelerator on a wafer: demonstration of electron acceleration and diagnostics with microstructures},
  author={Soong, Ken},
  year={2014},
  school={Stanford University}
}
@article{stuart1996nanosecond,
  title={Nanosecond-to-femtosecond laser-induced breakdown in dielectrics},
  author={Stuart, B. C. and Feit, M. D. and Herman, S. and Rubenchik, A. M. and Shore, B. W. and Perry, M. D.},
  journal={Phys. Rev. B},
  volume={53},
  number={4},
  pages={1749},
  year={1996},
  publisher={APS},
  doi = {10.1103/PhysRevB.53.1749},
  url = {http://dx.doi.org/10.1103/PhysRevB.53.1749}

}

@inproceedings{soong2012laser,
  title={Laser damage threshold measurements of optical materials for direct laser accelerators},
  author={Soong, Ken and Byer, RL and Colby, ER and England, RJ and Peralta, EA},
  booktitle={AIP Conference Proceedings},
  volume={1507},
  number={1},
  pages={511--515},
  year={2012},
  organization={AIP}
}

@misc{kenleedle,
  title={Private Communication},
  author={Ken Leedle},
}

@article{koyama2014parameter,
  title={Parameter study of a laser-driven dielectric accelerator for radiobiology research},
  author={Koyama, Kazuyoshi and Otsuki, Shohei and Uesaka, Mitsuru and Yoshida, Mitsuhiro and Aimidula, Aimiding},
  journal={J. Phys. B: At. Mol. Opt. Phys.},
  volume={47},
  number={23},
  pages={234005},
  year={2014},
  publisher={IOP Publishing},
  doi = {10.1088/0953-4075/47/23/234005},
  url = {http://dx.doi.org/10.1088/0953-4075/47/23/234005}
}

@article{yaacobi2014integrated,
  title={Integrated phased array for wide-angle beam steering},
  author={Yaacobi, Ami and Sun, Jie and Moresco, Michele and Leake, Gerald and Coolbaugh, Douglas and Watts, Michael R},
  journal={Opt. Lett.},
  volume={39},
  number={15},
  pages={4575--4578},
  year={2014},
  publisher={Optical Society of America}
}

@article{leedle2015dielectric,
  title={Dielectric laser acceleration of sub-100 keV electrons with silicon dual-pillar grating structures},
  author={Leedle, Kenneth J and Ceballos, Andrew and Deng, Huiyang and Solgaard, Olav and Pease, R Fabian and Byer, Robert L and Harris, James S},
  journal={Opt. Lett.},
  volume={40},
  number={18},
  pages={4344--4347},
  year={2015},
  publisher={Optical Society of America},
  doi = {10.1364/OL.40.004344},
  url = {http://dx.doi.org/10.1364/OL.40.004344}
}

@book{agrawal2007nonlinear,
  title={Nonlinear fiber optics},
  author={Agrawal, Govind P},
  year={2007},
  publisher={Academic press}
}

@article{cocorullo1999temperature,
  title={Temperature dependence of the thermo-optic coefficient in crystalline silicon between room temperature and 550 K at the wavelength of 1523 nm},
  author={Cocorullo, G and Della Corte, F. G. and Rendina, I},
  journal={Appl. Phys. Lett.},
  volume={74},
  number={22},
  pages={3338--3340},
  year={1999},
  publisher={AIP}
}

@article{england2014dielectric,
  title={Dielectric laser accelerators},
  author={England, R. Joel and Noble, Robert J. and Bane, Karl and Dowell,
    David H. and Ng, Cho-Kuen and Spencer, James E. and Tantawi, Sami
    and Wu, Ziran and Byer, Robert L. and Peralta, Edgar and Soong, Ken
    and Chang, {Chia-Ming} and Montazeri, Behnam and Wolf, Stephen J.
    and Cowan, Benjamin and Dawson, Jay and Gai, Wei and Hommelhoff,
    Peter and Huang, {Yen-Chieh} and Jing, Chunguang and McGuinness,
    Christopher and Palmer, Robert B. and Naranjo, Brian and Rosenzweig,
    James and Travish, Gil and Mizrahi, Amit and Schachter, Levi and
    Sears, Christopher and Werner, Gregory R. and Yoder, Rodney B.},
  journal={Rev. Mod. Phys.},
  volume={86},
  number={4},
  pages={1337},
  year={2014},
  publisher={APS},
  doi = {10.1103/RevModPhys.86.1337},
  url = {http://dx.doi.org/10.1103/RevModPhys.86.1337}
}

@article{jee1988laser,
  title={Laser-induced damage on single-crystal metal surfaces},
  author={Jee, Yong and Becker, Michael F and Walser, Rodger M},
  journal={JOSA B},
  volume={5},
  number={3},
  pages={648--659},
  year={1988},
  publisher={Optical Society of America}
}

@unpublished{cesar2017nonlinear,
  author      = {D. Cesar and S. Custodio and J. Maxson and P. Musumeci and X. Shen and E. Threlkeld and R. J. England and A. Hanuka and I. V. Makasyuk and E. A. Peralta and K. P. Wootton and Z. Wu},
  title       = {Nonlinear response in high-field dielectric laser accelerators},
  year        = {2017},
  date        = {2017-07-07},
    archiveprefix = {arXiv},
  eprint      = {1707.02364},
  eprintclass = {physics.acc-ph},
  primaryclass  = {physics.acc-ph},
  eprinttype  = {arXiv},
  keywords    = {physics.acc-ph},
  url         = {https://arxiv.org/abs/1707.02364}
}

@article{hebling1996derivation,
  title={Derivation of the pulse front tilt caused by angular dispersion},
  author={Hebling, J},
  journal={Optical and Quantum Electronics},
  volume={28},
  number={12},
  pages={1759--1763},
  year={1996},
  publisher={Springer}
}

@article{akturk2004pulse,
  title={Pulse-front tilt caused by spatial and temporal chirp},
  author={Akturk, Selcuk and Gu, Xun and Zeek, Erik and Trebino, Rick},
  journal={Opt. Express},
  volume={12},
  number={19},
  pages={4399--4410},
  year={2004},
  publisher={Optical Society of America},
  doi = {10.1364/OPEX.12.004399},
  url = {http://dx.doi.org/10.1364/OPEX.12.004399}
}

@unpublished{deng2017design,
  title={Design of racetrack ring resonator based dielectric laser accelerators},
  author={Deng, Huiyang and Jiang, Jiaqi and Miao, Yu and Leedle, Kenneth J and Li, Hongquan and Solgaard, Olav and Byer, Robert L and Harris, James S},
  journal={arXiv preprint arXiv:1701.08945},
  archivePrefix = "arXiv",
  eprint = {1701.08945},
  primaryclass= {physics.optics},
  year={2017},
  url = {https://arxiv.org/abs/1701.08945}
}

@article{leedle2015laser,
  title={Laser acceleration and deflection of 96.3 keV electrons with a silicon dielectric structure},
  author={Leedle, Kenneth J and Pease, R Fabian and Byer, Robert L and Harris, James S},
  journal={Optica},
  volume={2},
  number={2},
  pages={158--161},
  year={2015},
  publisher={Optical Society of America},
  doi = {10.1364/OPTICA.2.000158},
  url = {http://dx.doi.org/10.1364/OPTICA.2.000158}
}

@article{kwong20111,
  title={1$\times$ 12 Unequally spaced waveguide array for actively tuned optical phased array on a silicon nanomembrane},
  author={Kwong, David and Hosseini, Amir and Zhang, Yang and Chen, Ray T},
  journal={Appl. Phys. Lett.},
  volume={99},
  number={5},
  pages={051104},
  year={2011},
  publisher={AIP}
}

@article{sun2014large,
  title={Large-scale silicon photonic circuits for optical phased arrays},
  author={Sun, Jie and Timurdogan, Erman and Yaacobi, Ami and Su, Zhan and Hosseini, Ehsan Shah and Cole, David B and Watts, Michael R},
  journal={IEEE Journal of Selected Topics in Quantum Electronics},
  volume={20},
  number={4},
  pages={1--15},
  year={2014},
  publisher={IEEE}
}

@article{kwong2014chip,
  title={On-chip silicon optical phased array for two-dimensional beam steering},
  author={Kwong, David and Hosseini, Amir and Covey, John and Zhang, Yang and Xu, Xiaochuan and Subbaraman, Harish and Chen, Ray T},
  journal={Opt. Lett.},
  volume={39},
  number={4},
  pages={941--944},
  year={2014},
  publisher={Optical Society of America}
}

@article{song2015high,
  title={High-density waveguide superlattices with low crosstalk},
  author={Song, Weiwei and Gatdula, Robert and Abbaslou, Siamak and Lu, Ming and Stein, Aaron and Lai, Warren Y C and Provine, J and Pease, R Fabian W and Christodoulides, Demetrios N and Jiang, Wei},
  journal={Nat. Commun.},
  volume={6},
  pages={7027},
  year={2015},
  publisher={Nature Publishing Group},
  doi={10.1038/ncomms8027},
  url={http://dx.doi.org/10.1038/ncomms8027}
}

@article{hulme2015fully,
  title={Fully integrated hybrid silicon two dimensional beam scanner},
  author={Hulme, J. C. and Doylend, J. K. and Heck, M. J. R. and Peters, J. D. and Davenport, M. L. and Bovington, J. T. and Coldren, L. A. and Bowers, J. E.},
  journal={Opt. Express},
  volume={23},
  number={5},
  pages={5861--5874},
  year={2015},
  publisher={Optical Society of America},
  doi={10.1364/OE.23.005861},
  url={http://dx.doi.org/10.1364/OE.23.005861}
}

@article{peralta2013demonstration,
  title={Demonstration of electron acceleration in a laser-driven dielectric microstructure},
  author = {Peralta, E. A. and Soong, K. and England, R. J. and Colby, E. R.
    and Wu, Z. and Montazeri, B. and {McGuinness}, C. and {McNeur}, J.
    and Leedle, K. J. and Walz, D. and Sozer, E. B. and Cowan, B. and
    Schwartz, B. and Travish, G. and Byer, R. L.},
  journal={Nature},
  volume={503},
  number={7474},
  pages={91--94},
  year={2013},
  publisher={Nature Research},
  doi = {10.1038/nature12664},
  url = {http://dx.doi.org/10.1038/nature12664}
}

@article{rosenzweig1995proposed,
  title={A Proposed Dielectric-Loaded Resonant Laser Accelerator},
  author={Rosenzweig, J and Murokh, A and Pellegrini, C},
  journal={Phys. Rev. Lett.},
  volume={74},
  number={13},
  pages={2467},
  year={1995},
  publisher={APS},
  doi = {10.1103/PhysRevLett.74.2467},
  url = {http://dx.doi.org/10.1103/PhysRevLett.74.2467}
}

@article{cowan2008three,
  title={Three-dimensional dielectric photonic crystal structures for laser-driven acceleration},
  author={Cowan, Benjamin M},
  journal={Phys. Rev. ST Accel. Beams},
  volume={11},
  number={1},
  pages={011301},
  year={2008},
  publisher={APS},
  doi = {10.1103/PhysRevSTAB.11.011301},
  url = {http://dx.doi.org/10.1103/PhysRevSTAB.11.011301}
}

@article{breuer2013laser,
  title={Laser-based acceleration of nonrelativistic electrons at a dielectric structure},
  author={Breuer, John and Hommelhoff, Peter},
  journal={Phys. Rev. Lett.},
  volume={111},
  number={13},
  pages={134803},
  year={2013},
  publisher={APS},
  doi = {10.1103/PhysRevLett.111.134803},
  url = {http://dx.doi.org/10.1103/PhysRevLett.111.134803}
}

@article{plettner2006proposed,
  title={Proposed few-optical cycle laser-driven particle accelerator structure},
  author={Plettner, T. and Lu, P. P. and Byer, R. L.},
  journal={Phys. Rev. ST Accel. Beams},
  volume={9},
  number={11},
  pages={111301},
  year={2006},
  publisher={APS},
  doi = {10.1103/PhysRevSTAB.9.111301},
  url = {http://dx.doi.org/10.1103/PhysRevSTAB.9.111301}
}

@article{wootton2016demonstration,
  title={Demonstration of acceleration of relativistic electrons at a dielectric microstructure using femtosecond laser pulses},
  author={Wootton, Kent P and Wu, Ziran and Cowan, Benjamin M and Hanuka, Adi and Makasyuk, Igor V and Peralta, Edgar A and Soong, Ken and Byer, Robert L and England, R Joel},
  journal={Opt. Lett.},
  volume={41},
  number={12},
  pages={2696--2699},
  year={2016},
  publisher={Optical Society of America},
  doi = {10.1364/OL.41.002696},
  url = {http://dx.doi.org/10.1364/OL.41.002696}
}

@article{wang2016ultra,
  title={Ultra-broadband and low-loss 3 dB optical power splitter based on adiabatic tapered silicon waveguides},
  author={Wang, Yang and Gao, Shitao and Wang, Ke and Skafidas, Efstratios},
  journal={Opt. Lett.},
  volume={41},
  number={9},
  pages={2053--2056},
  year={2016},
  publisher={Optical Society of America},
  doi={10.1364/OL.41.002053},
  url={http://dx.doi.org/10.1364/OL.41.002053}
}

@article{piggott2016fabrication,
  title={Fabrication-constrained inverse design of a broadband 3-way power splitter},
  author={Piggott, Alexander Y and Petykiewicz, Jan and Su, Logan and Vu{\v{c}}kovi{\'c}, Jelena},
  journal={arXiv preprint arXiv:1612.03222},
  year={2016}
}

@article{tien1999short,
  title = {Short-Pulse Laser Damage in Transparent Materials as a Function of
    Pulse Duration},
  author={Tien, An-Chun and Backus, Sterling and Kapteyn, Henry and Murnane, Margaret and Mourou, G{\'e}rard},
  journal={Phys. Rev. Lett.},
  volume={82},
  number={19},
  pages={3883},
  year={1999},
  publisher={APS},
  doi = {10.1103/PhysRevLett.82.3883},
  url = {http://dx.doi.org/10.1103/PhysRevLett.82.3883}
}

@article{stuart1995laser,
  author = {Stuart, B. C. and Feit, M. D. and Rubenchik, A. M. and Shore, B.
    W. and Perry, M. D.},
  title = {Laser-Induced Damage in Dielectrics with Nanosecond to Subpicosecond
    Pulses},
  journal = {Phys. Rev. Lett.},
  year = {1995},
  volume = {74},
  pages = {2248--2251},
  month = {Mar},
  doi = {10.1103/PhysRevLett.74.2248},
  issue = {12},
  publisher = {American Physical Society},
  url = {http://dx.doi.org/10.1103/PhysRevLett.74.2248}

}

@unpublished{ACHIP_meeting4,
title= {Status report Stanford (Harris group)},
author = {Kenneth Leedle},
year = {2017},
note= {ACHIP 4rd Collaboration Meeting},
}

@article{shin2012choice,
  title={Choice of the perfectly matched layer boundary condition for frequency-domain Maxwell's equations solvers},
  author={Shin, Wonseok and Fan, Shanhui},
  journal={J. Comput. Phys.},
  volume={231},
  number={8},
  pages={3406--3431},
  year={2012},
  publisher={Elsevier},
  doi={10.1016/j.jcp.2012.01.013},
  url={http://dx.doi.org/10.1016/j.jcp.2012.01.013}
}

@article{weideman1986split,
  title={Split-step methods for the solution of the nonlinear Schr{\"o}dinger equation},
  author={Weideman, J. A. C. and Herbst, B. M.},
  journal={SIAM J. Numer. Anal.},
  volume={23},
  number={3},
  pages={485--507},
  year={1986},
  publisher={SIAM},
  doi={10.1137/0723033},
  url={http://dx.doi.org/10.1137/0723033}
}

@article{plettner2009photonic,
  title={Photonic-based laser driven electron beam deflection and focusing structures},
  author={Plettner, T. and Byer, R. L. and McGuinness, C. and Hommelhoff, P.},
  journal={Phys. Rev. ST Accel. Beams},
  volume={12},
  number={10},
  pages={101302},
  year={2009},
  publisher={APS},
  doi = {10.1103/PhysRevSTAB.12.101302},
  url = {http://dx.doi.org/10.1103/PhysRevSTAB.12.101302}
}

@article{teich1991fundamentals,
  title={Fundamentals of photonics},
  author={Teich, Malvin Carl and Saleh, B},
  journal={Canada, Wiley Interscience},
  volume={3},
  year={1991}
}

@article{wootton2017recent,
  title={Recent demonstration of record high gradients in dielectric laser accelerating structures},
  author={K. P. Wootton and D. B. Cesar and B. M. Cowan and A. Hanuka and I. V. Makasyuk and J. Maxson and E. A. Peralta and K. Soong and Z. Wu and R. L. Byer and P. Musumeci and R. J. England},
  booktitle={AIP Conf. Proc.},
  volume={1812},
  number={1},
  pages={060006},
  year={2017},
  organization={AIP Publishing},
  doi={10.1063/1.4975873},
  url={http://dx.doi.org/10.1063/1.4975873}
}

@article{simakov2017diamond,
  title={Diamond field emitter array cathodes and possibilities of employing additive manufacturing for dielectric laser accelerating structures},
  author={Simakov, Evgenya I and Andrews, Heather L and Herman, Matthew J and Hubbard, Kevin M and Weis, Eric},
  booktitle={AIP Conf. Proc.},
  volume={1812},
  number={1},
  pages={060010},
  year={2017},
  organization={AIP Publishing},
  doi = {10.1063/1.4975877},
  url = {http://dx.doi.org/10.1063/1.4975877}
}

@book{ohtsu2012near,
  title={Near-field nano-optics: from basic principles to nano-fabrication and nano-photonics},
  author={Ohtsu, Motoichi and Hori, Hirokazu},
  year={2012},
  publisher={Springer Science \& Business Media}
}

@misc{hughes2017github,
  author = {Hughes, T. W.},
  title = {{DLA Laser Coupling Simulation Software}},
  year = {2017},
  publisher = {GitHub},
  journal = {GitHub repository},
  howpublished = {\url{https://github.com/twhughes/DLA-Laser-Coupling-Simulation-Software}},
  commit = {4f57d6a0e4c030202a07a60bc1bb1ed1544bf679}
}

@article{arakawa2013silicon,
  title={Silicon photonics for next generation system integration platform},
  author={Arakawa, Yasuhiko and Nakamura, Takahiro and Urino, Yutaka and Fujita, Tomoyuki},
  journal={IEEE Commun. Mag.},
  volume={51},
  number={3},
  pages={72--77},
  year={2013},
  publisher={IEEE},
  doi={10.1109/MCOM.2013.6476868},
  url={http://dx.doi.org/10.1109/MCOM.2013.6476868}
}

@article{lim2014review,
  title={Review of silicon photonics foundry efforts},
  author={Lim, Andy Eu-Jin and Song, Junfeng and Fang, Qing and Li, Chao and Tu, Xiaoguang and Duan, Ning and Chen, Kok Kiong and Tern, Roger Poh-Cher and Liow, Tsung-Yang},
  journal={IEEE J. Sel. Top. Quantum Electron.},
  volume={20},
  number={4},
  pages={405--416},
  year={2014},
  publisher={IEEE},
  doi={10.1109/JSTQE.2013.2293274},
  url={http://dx.doi.org/10.1109/JSTQE.2013.2293274}
}

@article{thomson2016roadmap,
  title={Roadmap on silicon photonics},
  author={Thomson, David and Zilkie, Aaron and Bowers, John E and Komljenovic, Tin and Reed, Graham T and Vivien, Laurent and Marris-Morini, Delphine and Cassan, Eric and Virot, L{\'e}opold and F{\'e}d{\'e}li, Jean-Marc and Jean-Michel Hartmann and Jens H Schmid and Dan-Xia Xu and Fr{\'e}d{\'e}ric Boeuf and Peter O'Brien and Goran Z Mashanovich and M Nedeljkovic},
  journal={J. Opt.},
  volume={18},
  number={7},
  pages={073003},
  year={2016},
  publisher={IOP Publishing},
  doi={10.1088/2040-8978/18/7/073003},
  url={http://dx.doi.org/10.1088/2040-8978/18/7/073003}
}

@article{solyak2009gradient,
  title={Gradient limitations in room temperature and superconducting acceleration structures},
  author={Solyak, N. A.},
  booktitle={AIP Conf. Proc.},
  volume={1086},
  number={1},
  pages={365--372},
  year={2009},
  organization={AIP},
  doi={10.1063/1.3080933},
  url={http://dx.doi.org/10.1063/1.3080933}
}

@article{sakai2002low,
  title={Low loss ultra-small branches in a silicon photonic wire waveguide},
  author={Sakai, Atsushi and Fukazawa, Tatsuhiko and Baba, Toshihiko},
  journal={IEICE Transactions on Electronics},
  volume={85},
  number={4},
  pages={1033--1038},
  year={2002},
  publisher={The Institute of Electronics, Information and Communication Engineers}
}

@article{zhang2013compact,
  title={A compact and low loss Y-junction for submicron silicon waveguide},
  author={Zhang, Yi and Yang, Shuyu and Lim, Andy Eu-Jin and Lo, Guo-Qiang and Galland, Christophe and Baehr-Jones, Tom and Hochberg, Michael},
  journal={Opt. Express},
  volume={21},
  number={1},
  pages={1310--1316},
  year={2013},
  publisher={Optical Society of America}
}

@article{lalau2013adjoint,
  title={Adjoint shape optimization applied to electromagnetic design},
  author={Lalau-Keraly, Christopher M and Bhargava, Samarth and Miller, Owen D and Yablonovitch, Eli},
  journal={Opt. Express},
  volume={21},
  number={18},
  pages={21693--21701},
  year={2013},
  publisher={Optical Society of America}
}

@article{piggott2017fabrication,
  title={Fabrication-constrained nanophotonic inverse design},
  author={Piggott, Alexander Y and Petykiewicz, Jan and Su, Logan and Vu{\v{c}}kovi{\'c}, Jelena},
  journal={Sci. Rep.},
  volume={7},
  pages={1786},
  year={2017},
  publisher={Nature Publishing Group},
  doi={10.1038/s41598-017-01939-2},
  url={http://dx.doi.org/10.1038/s41598-017-01939-2}
}

@article{taillaert2006grating,
  title={Grating couplers for coupling between optical fibers and nanophotonic waveguides},
  author={Taillaert, Dirk and Van Laere, Frederik and Ayre, Melanie and Bogaerts, Wim and Van Thourhout, Dries and Bienstman, Peter and Baets, Roel},
  journal={Japanese Journal of Applied Physics},
  volume={45},
  number={8R},
  pages={6071},
  year={2006},
  publisher={IOP Publishing}
}

@article{ding2013ultrahigh,
  title={Ultrahigh-efficiency apodized grating coupler using fully etched photonic crystals},
  author={Ding, Yunhong and Ou, Haiyan and Peucheret, Christophe},
  journal={Opt. Lett.},
  volume={38},
  number={15},
  pages={2732--2734},
  year={2013},
  publisher={Optical Society of America}
}

@article{pu2010ultra,
  title={Ultra-low-loss inverted taper coupler for silicon-on-insulator ridge waveguide},
  author={Pu, Minhao and Liu, Liu and Ou, Haiyan and Yvind, Kresten and Hvam, J{\o}rn M},
  journal={Opt. Commun.},
  volume={283},
  number={19},
  pages={3678--3682},
  year={2010},
  publisher={Elsevier}
}

@article{wootton2016dielectric,
  title={Dielectric laser accelerators: designs, experiments, and applications},
  author={Wootton, K. P. and McNeur, J. and Leedle, K. J.},
  journal={Rev. Accel. Sci. Technol.},
  volume={9},
  pages={105--126},
  year={2016},
  publisher={World Scientific},
  doi = {10.1142/S179362681630005X},
  url = {http://dx.doi.org/10.1142/S179362681630005X}
}

@article{smotrova2005cold,
  title={Cold-cavity thresholds of microdisks with uniform and nonuniform gain: quasi-3-D modeling with accurate 2-D analysis},
  author={Smotrova, Elena I and Nosich, Alexander I and Benson, Trevor M and Sewell, Phillip},
  journal={IEEE J. Sel. Top. Quantum Electron.},
  volume={11},
  number={5},
  pages={1135--1142},
  year={2005},
  publisher={IEEE}
}



@article{washburn2004phase,
  title={Phase-locked, erbium-fiber-laser-based frequency comb in the near infrared},
  author={Washburn, Brian R and Diddams, Scott A and Newbury, Nathan R and Nicholson, Jeffrey W and Yan, Man F and J{\o}rgensen, Carsten G},
  journal={Opt. Lett.},
  volume={29},
  number={3},
  pages={250--252},
  year={2004},
  publisher={Optical Society of America}
}

@inproceedings{shelton2001synchronization,
  title={Synchronization and phase lock of two mode-locked femtosecond lasers},
  author={Shelton, Robert K and Ma, Long-Sheng and Kapteyn, Henry C and Murnane, Margaret M and Hall, John L and Ye, Jun and others},
  booktitle={Laser Frequency Stabilization, Standards, Measurement, and applications},
  pages={105--111},
  year={2001}
}

@article{jones2000carrier,
  title={Carrier-envelope phase control of femtosecond mode-locked lasers and direct optical frequency synthesis},
  author={Jones, David J and Diddams, Scott A and Ranka, Jinendra K and Stentz, Andrew and Windeler, Robert S and Hall, John L and Cundiff, Steven T},
  journal={Science},
  volume={288},
  number={5466},
  pages={635--639},
  year={2000},
  publisher={American Association for the Advancement of Science}
}

@article{cundiff2003colloquium,
  title={Colloquium: Femtosecond optical frequency combs},
  author={Cundiff, Steven T and Ye, Jun},
  journal={Rev. Mod. Phys.},
  volume={75},
  number={1},
  pages={325},
  year={2003},
  publisher={APS}
}

@article{rauschenberger2002control,
  title={Control of the frequency comb from a mode-locked Erbium-doped fiber laser},
  author={Rauschenberger, Jens and Fortier, Tara M and Jones, David J and Ye, Jun and Cundiff, Steven T},
  journal={Opt. Express},
  volume={10},
  number={24},
  pages={1404--1410},
  year={2002},
  publisher={Optical Society of America}
}

@article{fallahkhair2008vector,
  title={Vector finite difference modesolver for anisotropic dielectric waveguides},
  author={Fallahkhair, Arman B and Li, Kai S and Murphy, Thomas E},
  journal={Journal of Lightwave Technology},
  volume={26},
  number={11},
  pages={1423--1431},
  year={2008},
  publisher={IEEE}
}

@ARTICLE{mcneur2016laser,
  author = {Josh {McNeur} and Martin Kozak and Norbert Sch\"{o}nenberger and Ang Li and Alexander Tafel and Peter Hommelhoff},
  title = {Laser-driven acceleration of subrelativistic electrons near a nanostructured dielectric grating: From acceleration via higher spatial harmonics to necessary elements of a dielectric accelerator},
  journal = {Nucl. Instrum. Methods Phys. Res., Sect. A},
  year = {2016},
  volume = {829},
  pages = {50 - 51},
  doi = {10.1016/j.nima.2016.01.009},
  issn = {0168-9002},
  keywords = {Novel accelerators, Laser accelerators, High-gradient, Acceleration},
  url = {http://dx.doi.org/10.1016/j.nima.2016.01.009}
}

@article{perry1994self,
  title={Self-phase modulation in chirped-pulse amplification},
  author={Perry, M Ditmire and Ditmire, T and Stuart, BC},
  journal={Optics letters},
  volume={19},
  number={24},
  pages={2149--2151},
  year={1994},
  publisher={Optical Society of America}
}

@article{mizrahi2004optical,
  title={Optical bragg accelerators},
  author={Mizrahi, Amit and Sch{\"a}chter, Levi},
  journal={Physical Review E},
  volume={70},
  number={1},
  pages={016505},
  year={2004},
  publisher={APS}
}

@article{wei2017dual,
  title={Dual-gratings with a Bragg reflector for dielectric laser-driven accelerators},
  author={Wei, Y and Xia, G and Smith, JDA and Welsch, CP},
  journal={Physics of Plasmas},
  volume={24},
  number={7},
  pages={073115},
  year={2017},
  publisher={AIP Publishing}
}

@inproceedings{niedermayer2017designing,
  title={Designing a dielectric laser accelerator on a chip},
  author={Niedermayer, Uwe and Boine-Frankenheim, Oliver and Egenolf, Thilo},
  booktitle={8th Int. Particle Accelerator Conf.(IPAC’17), Copenhagen, Denmark},
  year={2017}
}

@article{shoji2002low,
  title={Low loss mode size converter from 0.3 $\mu$m square Si wire waveguides to singlemode fibres},
  author={Shoji, T and Tsuchizawa, T and Watanabe, T and Yamada, K and Morita, H},
  journal={Electronics Letters},
  volume={38},
  number={25},
  pages={1669--1670},
  year={2002},
  publisher={IET}
}

@incollection{yamada2011silicon,
  title={Silicon photonic wire waveguides: fundamentals and applications},
  author={Yamada, Koji},
  booktitle={Silicon Photonics II},
  pages={1--29},
  year={2011},
  publisher={Springer}
}

@article{kozak2017dielectric,
  title={Dielectric laser acceleration of sub-relativistic electrons by few-cycle laser pulses},
  author={Koz{\'a}k, M and F{\"o}rster, M and McNeur, J and Sch{\"o}nenberger, N and Leedle, K and Deng, H and Harris, JS and Byer, RL and Hommelhoff, P},
  journal={Nuclear Instruments and Methods in Physics Research Section A: Accelerators, Spectrometers, Detectors and Associated Equipment},
  volume={865},
  pages={84--86},
  year={2017},
  publisher={Elsevier}
}

@article{mcneur2016elements,
  title={Elements of a dielectric laser accelerator},
  author={McNeur, Joshua and Koz{\'a}k, Martin and Sch{\"o}nenberger, Norbert and Leedle, Kenneth J and Deng, Huiyang and Ceballos, Andrew and Hoogland, Heinar and Ruehl, Axel and Hartl, Ingmar and Holzwarth, Ronald and others},
  journal={arXiv preprint arXiv:1604.07684},
  year={2016}
}

@article{kozak2017acceleration,
  title={Acceleration of sub-relativistic electrons with an evanescent optical wave at a planar interface},
  author={Koz{\'a}k, M and Beck, P and Deng, H and McNeur, J and Sch{\"o}nenberger, N and Gaida, C and Stutzki, F and Gebhardt, M and Limpert, J and Ruehl, A and others},
  journal={Optics Express},
  volume={25},
  number={16},
  pages={19195--19204},
  year={2017},
  publisher={Optical Society of America}
}

%% coupled mode theory and optical cavity related
@article{suh2004temporal,
  title={Temporal coupled-mode theory and the presence of non-orthogonal modes in lossless multimode cavities},
  author={Suh, Wonjoo and Wang, Zheng and Fan, Shanhui},
  journal={IEEE Journal of Quantum Electronics},
  volume={40},
  number={10},
  pages={1511--1518},
  year={2004},
  publisher={IEEE}
}

@book{haus1984waves,
  title={Waves and fields in optoelectronics},
  author={Haus, Hermann A},
  year={1984},
  publisher={Prentice-Hall,}
}

% Jackson for mode volume
@book{jackson2007classical,
  title={Classical electrodynamics},
  author={Jackson, John David},
  year={2007},
  publisher={John Wiley \& Sons}
}

@article{niedermayer2017beam,
  title={Beam dynamics analysis of dielectric laser acceleration using a fast 6D tracking scheme},
  author={Niedermayer, Uwe and Egenolf, Thilo and Boine-Frankenheim, Oliver},
  journal={Physical Review Accelerators and Beams},
  volume={20},
  number={11},
  pages={111302},
  year={2017},
  publisher={APS}
}

@article{naranjo2012stable,
  title={Stable charged-particle acceleration and focusing in a laser accelerator using spatial harmonics},
  author={Naranjo, B and Valloni, A and Putterman, S and Rosenzweig, JB},
  journal={Physical review letters},
  volume={109},
  number={16},
  pages={164803},
  year={2012},
  publisher={APS}
}

@article{cesaraoptical,
  title={Optical design for increased interaction length in a high gradient dielectric laser accelerator},
  author={Cesara, D and Maxsona, J and Musumecia, P and Shena, X and Englandc, RJ and Woottonc, KP}
}

@inproceedings{eberhart1995new,
  title={A new optimizer using particle swarm theory},
  author={Eberhart, Russell and Kennedy, James},
  booktitle={Micro Machine and Human Science, 1995. MHS'95., Proceedings of the Sixth International Symposium on},
  pages={39--43},
  year={1995},
  organization={IEEE}
}

@article{belt2017ultra,
  title={Ultra-low-loss Ta 2 O 5-core/SiO 2-clad planar waveguides on Si substrates},
  author={Belt, Michael and Davenport, Michael L and Bowers, John E and Blumenthal, Daniel J},
  journal={Optica},
  volume={4},
  number={5},
  pages={532--536},
  year={2017},
  publisher={Optical Society of America}
}

@article{cesar2018optical,
  title={Optical design for increased interaction length in a high gradient dielectric laser accelerator},
  author={Cesar, D and Maxson, J and Musumeci, P and Shen, X and England, RJ and Wootton, KP},
  journal={arXiv preprint arXiv:1801.01115},
  year={2018}
}

@article{sacher2017tri,
  title={Tri-layer silicon nitride-on-silicon photonic platform for ultra-low-loss crossings and interlayer transitions},
  author={Sacher, Wesley D and Mikkelsen, Jared C and Dumais, Patrick and Jiang, Jia and Goodwill, Dominic and Luo, Xianshu and Huang, Ying and Yang, Yisu and Bois, Antoine and Lo, Patrick Guo-Qiang and others},
  journal={Optics express},
  volume={25},
  number={25},
  pages={30862--30875},
  year={2017},
  publisher={Optical Society of America}
}


@Article{Siemann:PRSTB04,
 author      ={R. H. Siemann},
 title       ={{Energy efficiency of laser driven, structure based accelerators}},
 journal     ={Phys. Rev. ST-AB},
 volume      ={7},
 pages={061303},
 year = 2004
}

@Article{Siemann:PRSTB05,
 author      ={Y. C. N. Na and R. H. Siemann and R. L. Byer},
 title       ={{Energy efficiency of an intracavity coupled, laser-driven linear accelerator pumped by an external laser}},
 journal     ={Phys. Rev. ST-AB},
 volume      ={8},
 pages={031301},
 year = 2005
}

@Article{Bane:PRSTB2015,
 author      ={K. Bane and G. Stupakov},
 title       ={{Using surface impedance for calculating wakefields in flat geometry}},
 journal     ={Phys. Rev. ST-AB},
 volume      ={18},
 pages={034401},
 year = 2015
}

@Article{eggleston:1984,
     author    = "J. M. Eggleston and T. J. Kan and K. Kuhn and J. Unternahrer and R. L. Byer",
     title     = "The Slab Geometry Laser - Part I: Theory",
     journal   = "IEEE Journal of Quantum Electronics",
     volume    = "QE-20",
     year      = "1984",
     pages     = "289-301",
}

@Article{rutherford:2000,
     author    = "T. S. Rutherford and W. M. Tulloch and E. K. Gustafson and R. L. Byer",
     title     = "Edge-Pumped Quasi-Three-Level Slab Lasers: Design and Power Scaling",
     journal   = "IEEE Journal of Quantum Electronics",
     volume    = "36",
     year      = "2000",
     pages     = "205-219",
}

@Article{wu:2014,
     author    = "Z. Wu and R. J. England and C-K. Ng and B. Cowan and C. McGuinness and C. Lee and M. Qi and S. Tantawi",
     title     = "Coupling power into accelerating mode of a three-dimensional silicon woodpile photonics band-gap waveguide",
     journal   = "Phys. Rev. ST-AB",
     volume    = "17",
     year      = "2014",
     pages     = "081301",
 }
 
 